<?xml version="1.0" encoding="UTF-8"?>
<!DOCTYPE html PUBLIC "-//W3C//DTD XHTML 1.0 Transitional//EN"
    "http://www.w3.org/TR/xhtml1/DTD/xhtml1-transitional.dtd">
<html xmlns="http://www.w3.org/1999/xhtml" xml:lang="en" lang="en">
 <head>
  <title>
</title>
<meta http-equiv="Content-Type" content="text/html;charset=utf-8" />
  <meta name='ocr-system' content='tesseract 3.04.00' />
  <meta name='ocr-capabilities' content='ocr_page ocr_carea ocr_par ocr_line ocrx_word'/>
</head>
<body>
  <div class='ocr_page' id='page_1' title='image "./commentariicrit00benegoog_0010.png"; bbox 0 0 2838 4802; ppageno 0'>
   <div class='ocr_carea' id='block_1_1' title="bbox 266 300 2693 4312">
    <p class='ocr_par' dir='ltr' id='par_1_1' title="bbox 266 300 2693 4312">
     <span class='ocr_line' id='line_1_1' title="bbox 463 300 1805 371; baseline 0 -1"><span class='ocrx_word' id='word_1_1' title='bbox 463 322 539 370; x_wconf 73' lang='lat' dir='ltr'><strong>v!</strong></span> <span class='ocrx_word' id='word_1_2' title='bbox 1192 300 1805 371; x_wconf 68' lang='lat' dir='ltr'><strong>PRAEFATIO.</strong></span> 
     </span>
     <span class='ocr_line' id='line_1_2' title="bbox 387 423 2551 540; baseline 0 -31"><span class='ocrx_word' id='word_1_3' title='bbox 387 489 391 493; x_wconf 86' lang='grc'>-</span> <span class='ocrx_word' id='word_1_4' title='bbox 470 423 809 534; x_wconf 81' lang='lat' dir='ltr'><strong>cydidis</strong></span> <span class='ocrx_word' id='word_1_5' title='bbox 855 423 1127 513; x_wconf 83' lang='lat' dir='ltr'><strong>libros</strong></span> <span class='ocrx_word' id='word_1_6' title='bbox 1154 427 1716 540; x_wconf 75' lang='lat' dir='ltr'><strong>respicimus,</strong></span> <span class='ocrx_word' id='word_1_7' title='bbox 1779 423 2108 539; x_wconf 60' lang='lat' dir='ltr'><strong>quibus</strong></span> <span class='ocrx_word' id='word_1_8' title='bbox 2139 424 2287 539; x_wconf 86' lang='lat' dir='ltr'><strong>alii</strong></span> <span class='ocrx_word' id='word_1_9' title='bbox 2315 426 2551 521; x_wconf 75' lang='lat' dir='ltr'><strong>codi-</strong></span> 
     </span>
     <span class='ocr_line' id='line_1_3' title="bbox 386 543 2554 654; baseline 0.002 -29"><span class='ocrx_word' id='word_1_10' title='bbox 386 564 411 577; x_wconf 28' lang='grc' dir='ltr'><strong>Χ</strong></span> <span class='ocrx_word' id='word_1_11' title='bbox 469 572 607 633; x_wconf 85' lang='lat' dir='ltr'><strong>ces</strong></span> <span class='ocrx_word' id='word_1_12' title='bbox 637 561 937 631; x_wconf 86' lang='lat' dir='ltr'><strong>tamen</strong></span> <span class='ocrx_word' id='word_1_13' title='bbox 966 543 1693 631; x_wconf 76' lang='lat' dir='ltr'><strong>variaslectiones</strong></span> <span class='ocrx_word' id='word_1_14' title='bbox 1711 571 2031 654; x_wconf 80' lang='lat' dir='ltr'><strong>easque</strong></span> <span class='ocrx_word' id='word_1_15' title='bbox 2054 565 2554 641; x_wconf 79' lang='lat' dir='ltr'><strong>memoratu</strong></span> 
     </span>
     <span class='ocr_line' id='line_1_4' title="bbox 468 658 2545 775; baseline 0 -30"><span class='ocrx_word' id='word_1_16' title='bbox 468 658 1013 771; x_wconf 82' lang='lat' dir='ltr'><strong>dignissimas</strong></span> <span class='ocrx_word' id='word_1_17' title='bbox 1048 661 1588 746; x_wconf 78' lang='lat' dir='ltr'><strong>attulerunt:</strong></span> <span class='ocrx_word' id='word_1_18' title='bbox 1652 659 1808 744; x_wconf 86' lang='lat' dir='ltr'><strong>sed</strong></span> <span class='ocrx_word' id='word_1_19' title='bbox 1831 663 2376 775; x_wconf 74' lang='lat' dir='ltr'><strong>,Regiietiam</strong></span> <span class='ocrx_word' id='word_1_20' title='bbox 2402 693 2545 759; x_wconf 83' lang='lat' dir='ltr'><strong>co-</strong></span> 
     </span>
     <span class='ocr_line' id='line_1_5' title="bbox 467 776 2554 890; baseline 0.001 -28"><span class='ocrx_word' id='word_1_21' title='bbox 467 776 684 862; x_wconf 85' lang='lat' dir='ltr'><strong>dicis</strong></span> <span class='ocrx_word' id='word_1_22' title='bbox 725 784 1015 864; x_wconf 85' lang='lat' dir='ltr'><strong>variae</strong></span> <span class='ocrx_word' id='word_1_23' title='bbox 1050 780 1516 884; x_wconf 87' lang='lat' dir='ltr'><strong>lectiones,</strong></span> <span class='ocrx_word' id='word_1_24' title='bbox 1583 806 1853 890; x_wconf 83' lang='lat' dir='ltr'><strong>quem</strong></span> <span class='ocrx_word' id='word_1_25' title='bbox 1881 780 2215 864; x_wconf 80' lang='lat' dir='ltr'><strong>Gailius</strong></span> <span class='ocrx_word' id='word_1_26' title='bbox 2254 782 2554 887; x_wconf 70' lang='lat' dir='ltr'><strong>litera:</strong></span> 
     </span>
     <span class='ocr_line' id='line_1_6' title="bbox 467 895 2564 1012; baseline 0.002 -32"><span class='ocrx_word' id='word_1_27' title='bbox 467 897 549 980; x_wconf 88' lang='lat' dir='ltr'>G</span> <span class='ocrx_word' id='word_1_28' title='bbox 584 895 1023 983; x_wconf 88' lang='lat' dir='ltr'><strong>indicauit</strong></span> <span class='ocrx_word' id='word_1_29' title='bbox 1058 900 1277 987; x_wconf 82' lang='lat' dir='ltr'><strong>etin</strong></span> <span class='ocrx_word' id='word_1_30' title='bbox 1308 929 1492 1012; x_wconf 92' lang='lat' dir='ltr'><strong>quo</strong></span> <span class='ocrx_word' id='word_1_31' title='bbox 1519 895 2054 983; x_wconf 88' lang='lat' dir='ltr'><strong>conferendo</strong></span> <span class='ocrx_word' id='word_1_32' title='bbox 2084 899 2564 1005; x_wconf 84' lang='lat' dir='ltr'><strong>Dukerum.</strong></span> 
     </span>
     <span class='ocr_line' id='line_1_7' title="bbox 466 1012 2560 1133; baseline -0.002 -30"><span class='ocrx_word' id='word_1_33' title='bbox 466 1013 830 1126; x_wconf 82' lang='lat' dir='ltr'><strong>quidem</strong></span> <span class='ocrx_word' id='word_1_34' title='bbox 857 1012 1440 1129; x_wconf 73' lang='lat' dir='ltr'>negligentiae</span> <span class='ocrx_word' id='word_1_35' title='bbox 1475 1035 1851 1122; x_wconf 89' lang='lat' dir='ltr'><strong>accusat,</strong></span> <span class='ocrx_word' id='word_1_36' title='bbox 1885 1046 2139 1133; x_wconf 81' lang='lat' dir='ltr'><strong>saepe</strong></span> <span class='ocrx_word' id='word_1_37' title='bbox 2171 1046 2222 1101; x_wconf 91' lang='lat' dir='ltr'><strong>a</strong></span> <span class='ocrx_word' id='word_1_38' title='bbox 2252 1017 2560 1100; x_wconf 78' lang='lat' dir='ltr'><strong>Duke-</strong></span> 
     </span>
     <span class='ocr_line' id='line_1_8' title="bbox 352 1131 2566 1248; baseline 0.002 -34"><span class='ocrx_word' id='word_1_39' title='bbox 352 1194 353 1199; x_wconf 17' lang='lat' dir='ltr'>x</span> <span class='ocrx_word' id='word_1_40' title='bbox 463 1160 565 1225; x_wconf 83' lang='lat' dir='ltr'><strong>ro</strong></span> <span class='ocrx_word' id='word_1_41' title='bbox 596 1131 985 1223; x_wconf 80' lang='lat' dir='ltr'>studiose</span> <span class='ocrx_word' id='word_1_42' title='bbox 1018 1152 1232 1217; x_wconf 88' lang='lat' dir='ltr'><strong>sunt</strong></span> <span class='ocrx_word' id='word_1_43' title='bbox 1257 1133 1624 1239; x_wconf 83' lang='lat' dir='ltr'><strong>adlatae,</strong></span> <span class='ocrx_word' id='word_1_44' title='bbox 1654 1151 2194 1248; x_wconf 87' lang='lat' dir='ltr'><strong>quamquam</strong></span> <span class='ocrx_word' id='word_1_45' title='bbox 2220 1132 2566 1227; x_wconf 80' lang='lat' dir='ltr'><strong>ibidem</strong></span> 
     </span>
     <span class='ocr_line' id='line_1_9' title="bbox 460 1249 2693 1366; baseline 0 -34"><span class='ocrx_word' id='word_1_46' title='bbox 460 1249 1387 1365; x_wconf 23' lang='lat' dir='ltr'><strong>Gailius&#39;doctissimus</strong></span> <span class='ocrx_word' id='word_1_47' title='bbox 1415 1252 1607 1341; x_wconf 82' lang='lat' dir='ltr'><strong>illas</strong></span> <span class='ocrx_word' id='word_1_48' title='bbox 1623 1252 1887 1366; x_wconf 88' lang='lat' dir='ltr'><strong>plane</strong></span> <span class='ocrx_word' id='word_1_49' title='bbox 1915 1256 2235 1347; x_wconf 78' lang='lat' dir='ltr'><strong>omisit.</strong></span> <span class='ocrx_word' id='word_1_50' title='bbox 2285 1255 2564 1336; x_wconf 88' lang='lat' dir='ltr'><strong>Prae·</strong></span> <span class='ocrx_word' id='word_1_51' title='bbox 2680 1320 2693 1332; x_wconf 93' lang='lat'><strong>.</strong></span> 
     </span>
     <span class='ocr_line' id='line_1_10' title="bbox 391 1362 2573 1485; baseline 0.002 -36"><span class='ocrx_word' id='word_1_52' title='bbox 391 1408 397 1428; x_wconf 61' lang='grc' dir='ltr'><em>τ</em></span> <span class='ocrx_word' id='word_1_53' title='bbox 450 1382 705 1452; x_wconf 74' lang='lat' dir='ltr'><strong>&#39;terea</strong></span> <span class='ocrx_word' id='word_1_54' title='bbox 759 1370 1028 1469; x_wconf 85' lang='lat' dir='ltr'><strong>etiam</strong></span> <span class='ocrx_word' id='word_1_55' title='bbox 1086 1362 1408 1455; x_wconf 75' lang='lat' dir='ltr'><strong>sedula¹</strong></span> <span class='ocrx_word' id='word_1_56' title='bbox 1438 1370 1729 1463; x_wconf 90' lang='lat' dir='ltr'><strong>adhuc</strong></span> <span class='ocrx_word' id='word_1_57' title='bbox 1787 1368 2404 1485; x_wconf 84' lang='lat' dir='ltr'><strong>disquisitione</strong></span> <span class='ocrx_word' id='word_1_58' title='bbox 2448 1369 2573 1454; x_wconf 87' lang='lat' dir='ltr'><strong>de</strong></span> 
     </span>
     <span class='ocr_line' id='line_1_11' title="bbox 266 1484 2575 1607; baseline 0.002 -38"><span class='ocrx_word' id='word_1_59' title='bbox 266 1522 295 1607; x_wconf 20' lang='grc' dir='ltr'><strong><em>ἕ</em></strong></span> <span class='ocrx_word' id='word_1_60' title='bbox 336 1552 377 1571; x_wconf 22' lang='grc' dir='ltr'><strong>ἰ,</strong></span> <span class='ocrx_word' id='word_1_61' title='bbox 460 1490 706 1569; x_wconf 88' lang='lat' dir='ltr'><strong>vario</strong></span> <span class='ocrx_word' id='word_1_62' title='bbox 736 1486 1061 1585; x_wconf 81' lang='lat' dir='ltr'><strong>horum</strong></span> <span class='ocrx_word' id='word_1_63' title='bbox 1088 1484 1525 1573; x_wconf 83' lang='lat' dir='ltr'><strong>librorum</strong></span> <span class='ocrx_word' id='word_1_64' title='bbox 1550 1490 1840 1605; x_wconf 84' lang='lat' dir='ltr'><strong>pretio</strong></span> <span class='ocrx_word' id='word_1_65' title='bbox 1874 1517 2099 1605; x_wconf 91' lang='lat' dir='ltr'><strong>opus</strong></span> <span class='ocrx_word' id='word_1_66' title='bbox 2131 1508 2292 1592; x_wconf 87' lang='lat' dir='ltr'><strong>est,</strong></span> <span class='ocrx_word' id='word_1_67' title='bbox 2342 1492 2575 1603; x_wconf 78' lang='lat' dir='ltr'><strong>quia</strong></span> 
     </span>
     <span class='ocr_line' id='line_1_12' title="bbox 462 1604 2572 1722; baseline 0.003 -38"><span class='ocrx_word' id='word_1_68' title='bbox 462 1623 697 1701; x_wconf 79' lang='lat' dir='ltr'><strong>certe</strong></span> <span class='ocrx_word' id='word_1_69' title='bbox 752 1609 998 1690; x_wconf 86' lang='lat' dir='ltr'><strong>vario</strong></span> <span class='ocrx_word' id='word_1_70' title='bbox 1050 1611 1479 1722; x_wconf 86' lang='lat' dir='ltr'><strong>temporis</strong></span> <span class='ocrx_word' id='word_1_71' title='bbox 1535 1607 2007 1693; x_wconf 86' lang='lat' dir='ltr'><strong>interuallo</strong></span> <span class='ocrx_word' id='word_1_72' title='bbox 2064 1625 2155 1689; x_wconf 85' lang='lat' dir='ltr'><strong>et</strong></span> <span class='ocrx_word' id='word_1_73' title='bbox 2199 1635 2250 1688; x_wconf 93' lang='lat' dir='ltr'><strong>a</strong></span> <span class='ocrx_word' id='word_1_74' title='bbox 2291 1604 2572 1691; x_wconf 73' lang='lat' dir='ltr'><strong>variis</strong></span> 
     </span>
     <span class='ocr_line' id='line_1_13' title="bbox 459 1716 2570 1840; baseline 0.001 -37"><span class='ocrx_word' id='word_1_75' title='bbox 459 1716 763 1805; x_wconf 76' lang='lat' dir='ltr'><strong>scribis</strong></span> <span class='ocrx_word' id='word_1_76' title='bbox 798 1721 1457 1840; x_wconf 79' lang='lat' dir='ltr'><strong>descriptisunt</strong></span> <span class='ocrx_word' id='word_1_77' title='bbox 1481 1723 1578 1807; x_wconf 88' lang='lat' dir='ltr'><strong>hi</strong></span> <span class='ocrx_word' id='word_1_78' title='bbox 1610 1723 1858 1809; x_wconf 90' lang='lat' dir='ltr'><strong>codd.</strong></span> <span class='ocrx_word' id='word_1_79' title='bbox 1877 1727 2397 1809; x_wconf 87' lang='lat' dir='ltr'><strong>Parisienses</strong></span> <span class='ocrx_word' id='word_1_80' title='bbox 2430 1743 2570 1817; x_wconf 79' lang='lat' dir='ltr'><strong>at·-</strong></span> 
     </span>
     <span class='ocr_line' id='line_1_14' title="bbox 460 1836 2570 1953; baseline 0.004 -35"><span class='ocrx_word' id='word_1_81' title='bbox 460 1848 639 1948; x_wconf 87' lang='lat' dir='ltr'><strong>que</strong></span> <span class='ocrx_word' id='word_1_82' title='bbox 667 1836 901 1925; x_wconf 86' lang='lat' dir='ltr'><strong>forte</strong></span> <span class='ocrx_word' id='word_1_83' title='bbox 930 1844 1203 1923; x_wconf 81' lang='lat' dir='ltr'><strong>etiam</strong></span> <span class='ocrx_word' id='word_1_84' title='bbox 1230 1842 1449 1927; x_wconf 90' lang='lat' dir='ltr'><strong>olim</strong></span> <span class='ocrx_word' id='word_1_85' title='bbox 1479 1845 1670 1953; x_wconf 21' lang='lat' dir='ltr'><strong>iamt</strong></span> <span class='ocrx_word' id='word_1_86' title='bbox 1688 1841 2107 1929; x_wconf 76' lang='lat' dir='ltr'><strong>nonn&#39;ulli</strong></span> <span class='ocrx_word' id='word_1_87' title='bbox 2133 1841 2245 1925; x_wconf 89' lang='lat' dir='ltr'><strong>ab</strong></span> <span class='ocrx_word' id='word_1_88' title='bbox 2277 1840 2570 1927; x_wconf 66' lang='lat' dir='ltr'><strong>Henr.</strong></span> 
     </span>
     <span class='ocr_line' id='line_1_15' title="bbox 458 1954 2522 2073; baseline 0.003 -35"><span class='ocrx_word' id='word_1_89' title='bbox 458 1954 916 2071; x_wconf 73' lang='lat' dir='ltr'><strong>Stephano</strong></span> <span class='ocrx_word' id='word_1_90' title='bbox 946 1956 1317 2069; x_wconf 80' lang='lat' dir='ltr'><strong>aliisque</strong></span> <span class='ocrx_word' id='word_1_91' title='bbox 1345 1958 2074 2073; x_wconf 81' lang='lat' dir='ltr'><strong>inspiciebantur.</strong></span> <span class='ocrx_word' id='word_1_92' title='bbox 2411 2036 2420 2053; x_wconf 67' lang='grc'><strong>,,</strong></span> <span class='ocrx_word' id='word_1_93' title='bbox 2511 2042 2522 2053; x_wconf 21' lang='grc' dir='ltr'><strong><em>ἐ</em></strong></span> 
     </span>
     <span class='ocr_line' id='line_1_16' title="bbox 461 2074 2568 2191; baseline 0.002 -36"><span class='ocrx_word' id='word_1_94' title='bbox 461 2132 481 2147; x_wconf 78' lang='grc'><strong>.</strong></span> <span class='ocrx_word' id='word_1_95' title='bbox 606 2074 836 2161; x_wconf 87' lang='lat' dir='ltr'><strong>Cum</strong></span> <span class='ocrx_word' id='word_1_96' title='bbox 862 2076 1136 2185; x_wconf 83' lang='lat' dir='ltr'><strong>igitur</strong></span> <span class='ocrx_word' id='word_1_97' title='bbox 1165 2104 1215 2161; x_wconf 88' lang='lat' dir='ltr'><strong>a</strong></span> <span class='ocrx_word' id='word_1_98' title='bbox 1234 2077 1866 2161; x_wconf 72' lang='lat' dir='ltr'><strong>recentissimis</strong></span> <span class='ocrx_word' id='word_1_99' title='bbox 1893 2076 2159 2168; x_wconf 88' lang='lat' dir='ltr'><strong>huius</strong></span> <span class='ocrx_word' id='word_1_100' title='bbox 2189 2079 2568 2191; x_wconf 60' lang='lat' dir='ltr'><strong>scr-iptoq</strong></span> 
     </span>
     <span class='ocr_line' id='line_1_17' title="bbox 457 2189 2571 2312; baseline 0.001 -37"><span class='ocrx_word' id='word_1_101' title='bbox 457 2191 576 2275; x_wconf 85' lang='lat' dir='ltr'><strong>ris</strong></span> <span class='ocrx_word' id='word_1_102' title='bbox 604 2189 1105 2290; x_wconf 77' lang='lat' dir='ltr'><strong>editoribus</strong></span> <span class='ocrx_word' id='word_1_103' title='bbox 1128 2212 1313 2279; x_wconf 83' lang='lat' dir='ltr'><strong>tam</strong></span> <span class='ocrx_word' id='word_1_104' title='bbox 1342 2193 1630 2277; x_wconf 86' lang='lat' dir='ltr'><strong>multa</strong></span> <span class='ocrx_word' id='word_1_105' title='bbox 1669 2197 2008 2306; x_wconf 84' lang='lat' dir='ltr'><strong>egregie</strong></span> <span class='ocrx_word' id='word_1_106' title='bbox 2039 2212 2571 2312; x_wconf 70' lang='lat' dir='ltr'><strong>praeparata</strong></span> 
     </span>
     <span class='ocr_line' id='line_1_18' title="bbox 430 2307 2571 2421; baseline 0.002 -31"><span class='ocrx_word' id='word_1_107' title='bbox 430 2356 435 2369; x_wconf 79' lang='lat'>=</span> <span class='ocrx_word' id='word_1_108' title='bbox 459 2311 642 2391; x_wconf 86' lang='lat' dir='ltr'><strong>sint</strong></span> <span class='ocrx_word' id='word_1_109' title='bbox 673 2307 783 2391; x_wconf 88' lang='lat' dir='ltr'><strong>ad</strong></span> <span class='ocrx_word' id='word_1_110' title='bbox 796 2308 1267 2421; x_wconf 82' lang='lat' dir='ltr'><strong>Thucydid</strong></span> <span class='ocrx_word' id='word_1_111' title='bbox 1278 2340 1417 2395; x_wconf 86' lang='lat' dir='ltr'><strong>em</strong></span> <span class='ocrx_word' id='word_1_112' title='bbox 1446 2310 1948 2405; x_wconf 79' lang='lat' dir='ltr'><strong>ornandum</strong></span> <span class='ocrx_word' id='word_1_113' title='bbox 1967 2328 2057 2392; x_wconf 87' lang='lat' dir='ltr'><strong>et</strong></span> <span class='ocrx_word' id='word_1_114' title='bbox 2086 2307 2571 2405; x_wconf 81' lang='lat' dir='ltr'><strong>emendan-</strong></span> 
     </span>
     <span class='ocr_line' id='line_1_19' title="bbox 459 2424 2574 2542; baseline 0.002 -32"><span class='ocrx_word' id='word_1_115' title='bbox 459 2424 676 2510; x_wconf 77' lang='lat' dir='ltr'><strong>dum</strong></span> <span class='ocrx_word' id='word_1_116' title='bbox 720 2433 1242 2534; x_wconf 89' lang='lat' dir='ltr'><strong>necessaria,</strong></span> <span class='ocrx_word' id='word_1_117' title='bbox 1323 2425 1649 2542; x_wconf 87' lang='lat' dir='ltr'><strong>quibus</strong></span> <span class='ocrx_word' id='word_1_118' title='bbox 1693 2447 1785 2511; x_wconf 86' lang='lat' dir='ltr'><strong>et</strong></span> <span class='ocrx_word' id='word_1_119' title='bbox 1824 2427 2239 2512; x_wconf 83' lang='lat' dir='ltr'><strong>Dukerus</strong></span> <span class='ocrx_word' id='word_1_120' title='bbox 2287 2446 2382 2510; x_wconf 90' lang='lat' dir='ltr'><strong>et</strong></span> <span class='ocrx_word' id='word_1_121' title='bbox 2409 2429 2574 2514; x_wconf 81' lang='lat' dir='ltr'><strong>alii</strong></span> 
     </span>
     <span class='ocr_line' id='line_1_20' title="bbox 456 2544 2576 2662; baseline 0.002 -37"><span class='ocrx_word' id='word_1_122' title='bbox 456 2547 862 2660; x_wconf 88' lang='lat' dir='ltr'><strong>priorum</strong></span> <span class='ocrx_word' id='word_1_123' title='bbox 902 2546 1464 2658; x_wconf 83' lang='lat' dir='ltr'><strong>Thucydidis</strong></span> <span class='ocrx_word' id='word_1_124' title='bbox 1482 2550 2078 2662; x_wconf 80' lang='lat' dir='ltr'><strong>interpretum</strong></span> <span class='ocrx_word' id='word_1_125' title='bbox 2108 2544 2576 2652; x_wconf 77' lang='lat' dir='ltr'><strong>carebant,</strong></span> 
     </span>
     <span class='ocr_line' id='line_1_21' title="bbox 459 2661 2574 2781; baseline 0.001 -37"><span class='ocrx_word' id='word_1_126' title='bbox 459 2688 778 2777; x_wconf 79' lang='lat' dir='ltr'><strong>operae</strong></span> <span class='ocrx_word' id='word_1_127' title='bbox 817 2667 1211 2781; x_wconf 87' lang='lat' dir='ltr'><strong>pretium</strong></span> <span class='ocrx_word' id='word_1_128' title='bbox 1246 2663 1648 2752; x_wconf 85' lang='lat' dir='ltr'><strong>facturus</strong></span> <span class='ocrx_word' id='word_1_129' title='bbox 1691 2691 1873 2747; x_wconf 88' lang='lat' dir='ltr'><strong>esse</strong></span> <span class='ocrx_word' id='word_1_130' title='bbox 1915 2662 2140 2770; x_wconf 79' lang='lat' dir='ltr'><strong>mihi</strong></span> <span class='ocrx_word' id='word_1_131' title='bbox 2167 2661 2574 2770; x_wconf 80' lang='lat' dir='ltr'><strong>videbar,</strong></span> 
     </span>
     <span class='ocr_line' id='line_1_22' title="bbox 460 2780 2567 2893; baseline 0.004 -31"><span class='ocrx_word' id='word_1_132' title='bbox 460 2783 531 2862; x_wconf 90' lang='lat' dir='ltr'><strong>si</strong></span> <span class='ocrx_word' id='word_1_133' title='bbox 560 2781 731 2863; x_wconf 91' lang='lat' dir='ltr'><strong>illis</strong></span> <span class='ocrx_word' id='word_1_134' title='bbox 775 2780 1130 2867; x_wconf 91' lang='lat' dir='ltr'><strong>adiutus</strong></span> <span class='ocrx_word' id='word_1_135' title='bbox 1161 2782 1574 2867; x_wconf 84' lang='lat' dir='ltr'><strong>subsidiis</strong></span> <span class='ocrx_word' id='word_1_136' title='bbox 1602 2781 2053 2893; x_wconf 82' lang='lat' dir='ltr'><strong>vulgatam</strong></span> <span class='ocrx_word' id='word_1_137' title='bbox 2072 2780 2567 2880; x_wconf 81' lang='lat' dir='ltr'><strong>verborum</strong></span> 
     </span>
     <span class='ocr_line' id='line_1_23' title="bbox 458 2898 2574 3015; baseline 0.002 -36"><span class='ocrx_word' id='word_1_138' title='bbox 458 2902 989 3015; x_wconf 84' lang='lat' dir='ltr'><strong>scripturam</strong></span> <span class='ocrx_word' id='word_1_139' title='bbox 1026 2905 1124 2984; x_wconf 88' lang='lat' dir='ltr'><strong>in</strong></span> <span class='ocrx_word' id='word_1_140' title='bbox 1167 2920 1372 2998; x_wconf 85' lang='lat' dir='ltr'><strong>octo</strong></span> <span class='ocrx_word' id='word_1_141' title='bbox 1403 2898 1953 3009; x_wconf 76' lang='lat' dir='ltr'><strong>Thucydidis</strong></span> <span class='ocrx_word' id='word_1_142' title='bbox 1980 2899 2226 2982; x_wconf 78' lang='lat' dir='ltr'><strong>libris</strong></span> <span class='ocrx_word' id='word_1_143' title='bbox 2265 2899 2574 2997; x_wconf 80' lang='lat' dir='ltr'><strong>adhuc</strong></span> 
     </span>
     <span class='ocr_line' id='line_1_24' title="bbox 460 3017 2572 3131; baseline 0.003 -36"><span class='ocrx_word' id='word_1_144' title='bbox 460 3019 1034 3131; x_wconf 87' lang='lat' dir='ltr'><strong>conspicuam</strong></span> <span class='ocrx_word' id='word_1_145' title='bbox 1065 3017 1359 3101; x_wconf 89' lang='lat' dir='ltr'><strong>denuo</strong></span> <span class='ocrx_word' id='word_1_146' title='bbox 1391 3021 1981 3102; x_wconf 79' lang='lat' dir='ltr'><strong>examinarem</strong></span> <span class='ocrx_word' id='word_1_147' title='bbox 2015 3037 2108 3099; x_wconf 91' lang='lat' dir='ltr'><strong>et</strong></span> <span class='ocrx_word' id='word_1_148' title='bbox 2132 3047 2438 3118; x_wconf 69' lang='lat' dir='ltr'><strong>meam</strong></span> <span class='ocrx_word' id='word_1_149' title='bbox 2459 3022 2572 3104; x_wconf 84' lang='lat' dir='ltr'><strong>si-</strong></span> 
     </span>
     <span class='ocr_line' id='line_1_25' title="bbox 457 3131 2574 3250; baseline 0.004 -38"><span class='ocrx_word' id='word_1_150' title='bbox 457 3132 650 3238; x_wconf 82' lang='lat' dir='ltr'><strong>¹mul</strong></span> <span class='ocrx_word' id='word_1_151' title='bbox 681 3135 1391 3250; x_wconf 87' lang='lat' dir='ltr'><strong>qualemcunque</strong></span> <span class='ocrx_word' id='word_1_152' title='bbox 1419 3136 1952 3219; x_wconf 86' lang='lat' dir='ltr'><strong>sententiam</strong></span> <span class='ocrx_word' id='word_1_153' title='bbox 1980 3131 2090 3218; x_wconf 90' lang='lat' dir='ltr'><strong>de</strong></span> <span class='ocrx_word' id='word_1_154' title='bbox 2128 3138 2268 3240; x_wconf 89' lang='lat' dir='ltr'><strong>iis,</strong></span> <span class='ocrx_word' id='word_1_155' title='bbox 2336 3161 2574 3247; x_wconf 78' lang='lat' dir='ltr'><strong>quae</strong></span> 
     </span>
     <span class='ocr_line' id='line_1_26' title="bbox 383 3246 2572 3370; baseline 0.002 -36"><span class='ocrx_word' id='word_1_156' title='bbox 383 3329 401 3360; x_wconf 28' lang='grc' dir='ltr'>ξ</span> <span class='ocrx_word' id='word_1_157' title='bbox 463 3246 873 3360; x_wconf 87' lang='lat' dir='ltr'><strong>codicum</strong></span> <span class='ocrx_word' id='word_1_158' title='bbox 917 3257 1453 3348; x_wconf 85' lang='lat' dir='ltr'><strong>auctoritate</strong></span> <span class='ocrx_word' id='word_1_159' title='bbox 1490 3255 2056 3370; x_wconf 88' lang='lat' dir='ltr'><strong>potissimum</strong></span> <span class='ocrx_word' id='word_1_160' title='bbox 2083 3270 2360 3364; x_wconf 80' lang='lat' dir='ltr'><strong>atque</strong></span> <span class='ocrx_word' id='word_1_161' title='bbox 2393 3251 2572 3338; x_wconf 86' lang='lat' dir='ltr'><strong>alia</strong></span> 
     </span>
     <span class='ocr_line' id='line_1_27' title="bbox 462 3367 2571 3466; baseline 0.002 -17"><span class='ocrx_word' id='word_1_162' title='bbox 462 3369 732 3451; x_wconf 87' lang='lat' dir='ltr'><strong>etiam</strong></span> <span class='ocrx_word' id='word_1_163' title='bbox 774 3367 881 3452; x_wconf 90' lang='lat' dir='ltr'><strong>de</strong></span> <span class='ocrx_word' id='word_1_164' title='bbox 924 3389 1183 3460; x_wconf 77' lang='lat' dir='ltr'><strong>causa</strong></span> <span class='ocrx_word' id='word_1_165' title='bbox 1227 3401 1408 3457; x_wconf 90' lang='lat' dir='ltr'><strong>esse</strong></span> <span class='ocrx_word' id='word_1_166' title='bbox 1432 3370 1862 3456; x_wconf 88' lang='lat' dir='ltr'><strong>mutanda</strong></span> <span class='ocrx_word' id='word_1_167' title='bbox 1890 3389 1983 3452; x_wconf 90' lang='lat' dir='ltr'><strong>et</strong></span> <span class='ocrx_word' id='word_1_168' title='bbox 2013 3367 2571 3466; x_wconf 78' lang='lat' dir='ltr'><strong>emendanda</strong></span> 
     </span>
     <span class='ocr_line' id='line_1_28' title="bbox 462 3484 2572 3603; baseline 0 -33"><span class='ocrx_word' id='word_1_169' title='bbox 462 3485 953 3594; x_wconf 87' lang='lat' dir='ltr'><strong>censebam,</strong></span> <span class='ocrx_word' id='word_1_170' title='bbox 996 3490 1483 3576; x_wconf 85' lang='lat' dir='ltr'><strong>adiicerem.</strong></span> <span class='ocrx_word' id='word_1_171' title='bbox 1549 3488 2032 3603; x_wconf 88' lang='lat' dir='ltr'><strong>Triplicem</strong></span> <span class='ocrx_word' id='word_1_172' title='bbox 2053 3490 2343 3600; x_wconf 64' lang='lat' dir='ltr'><strong>,igitur</strong></span> <span class='ocrx_word' id='word_1_173' title='bbox 2386 3484 2572 3570; x_wconf 76' lang='lat' dir='ltr'><strong>edi-</strong></span> 
     </span>
     <span class='ocr_line' id='line_1_29' title="bbox 433 3605 2568 3713; baseline 0.001 -28"><span class='ocrx_word' id='word_1_174' title='bbox 433 3605 806 3713; x_wconf 76' lang='lat' dir='ltr'><strong>¹,tionem</strong></span> <span class='ocrx_word' id='word_1_175' title='bbox 823 3668 848 3711; x_wconf 94' lang='lat'><strong>,</strong></span> <span class='ocrx_word' id='word_1_176' title='bbox 942 3605 1888 3693; x_wconf 78' lang='lat' dir='ltr'><strong>Amstelaedamensem</strong></span> <span class='ocrx_word' id='word_1_177' title='bbox 1948 3605 2333 3711; x_wconf 83' lang='lat' dir='ltr'><strong>Dukeri,</strong></span> <span class='ocrx_word' id='word_1_178' title='bbox 2397 3605 2568 3703; x_wconf 65' lang='lat' dir='ltr'><strong>,Li-</strong></span> 
     </span>
     <span class='ocr_line' id='line_1_30' title="bbox 461 3719 2565 3839; baseline 0 -36"><span class='ocrx_word' id='word_1_179' title='bbox 461 3724 911 3839; x_wconf 82' lang='lat' dir='ltr'><strong>psiensem</strong></span> <span class='ocrx_word' id='word_1_180' title='bbox 928 3726 1232 3812; x_wconf 84' lang='lat' dir='ltr'><strong>Beckii</strong></span> <span class='ocrx_word' id='word_1_181' title='bbox 1261 3746 1352 3808; x_wconf 90' lang='lat' dir='ltr'><strong>et</strong></span> <span class='ocrx_word' id='word_1_182' title='bbox 1377 3725 1950 3809; x_wconf 75' lang='lat' dir='ltr'><strong>Parisiensem</strong></span> <span class='ocrx_word' id='word_1_183' title='bbox 1980 3724 2242 3812; x_wconf 84' lang='lat' dir='ltr'><strong>Gailii</strong></span> <span class='ocrx_word' id='word_1_184' title='bbox 2278 3719 2400 3818; x_wconf 63' lang='lat' dir='ltr'><strong>ad,</strong></span> <span class='ocrx_word' id='word_1_185' title='bbox 2417 3748 2565 3805; x_wconf 88' lang='lat' dir='ltr'><strong>va·</strong></span> 
     </span>
     <span class='ocr_line' id='line_1_31' title="bbox 340 3833 2563 3952; baseline -0.002 -29"><span class='ocrx_word' id='word_1_186' title='bbox 340 3849 351 3862; x_wconf 76' lang='grc'><strong>“</strong></span> <span class='ocrx_word' id='word_1_187' title='bbox 463 3842 634 3923; x_wconf 85' lang='lat' dir='ltr'><strong>rias</strong></span> <span class='ocrx_word' id='word_1_188' title='bbox 673 3840 1097 3927; x_wconf 88' lang='lat' dir='ltr'><strong>lectiones</strong></span> <span class='ocrx_word' id='word_1_189' title='bbox 1138 3846 1234 3927; x_wconf 90' lang='lat' dir='ltr'><strong>in</strong></span> <span class='ocrx_word' id='word_1_190' title='bbox 1276 3861 1484 3938; x_wconf 88' lang='lat' dir='ltr'><strong>octo</strong></span> <span class='ocrx_word' id='word_1_191' title='bbox 1532 3839 2077 3952; x_wconf 84' lang='lat' dir='ltr'><strong>Thucydidis</strong></span> <span class='ocrx_word' id='word_1_192' title='bbox 2118 3833 2370 3923; x_wconf 89' lang='lat' dir='ltr'><strong>libris</strong></span> <span class='ocrx_word' id='word_1_193' title='bbox 2407 3836 2563 3920; x_wconf 89' lang='lat' dir='ltr'><strong>ob·</strong></span> 
     </span>
     <span class='ocr_line' id='line_1_32' title="bbox 463 3955 2560 4072; baseline -0.003 -30"><span class='ocrx_word' id='word_1_194' title='bbox 463 3959 648 4042; x_wconf 84' lang='lat' dir='ltr'><strong>vias</strong></span> <span class='ocrx_word' id='word_1_195' title='bbox 684 3956 1189 4046; x_wconf 85' lang='lat' dir='ltr'><strong>adcuratius</strong></span> <span class='ocrx_word' id='word_1_196' title='bbox 1233 3957 1804 4072; x_wconf 82' lang='lat' dir='ltr'><strong>inquirendas</strong></span> <span class='ocrx_word' id='word_1_197' title='bbox 1848 3955 2216 4042; x_wconf 86' lang='lat' dir='ltr'><strong>adhibui</strong></span> <span class='ocrx_word' id='word_1_198' title='bbox 2258 3972 2560 4065; x_wconf 70' lang='lat' dir='ltr'><strong>neque</strong></span> 
     </span>
     <span class='ocr_line' id='line_1_33' title="bbox 463 4075 2558 4188; baseline -0.004 -30"><span class='ocrx_word' id='word_1_199' title='bbox 463 4075 752 4161; x_wconf 88' lang='lat' dir='ltr'><strong>ullum</strong></span> <span class='ocrx_word' id='word_1_200' title='bbox 804 4077 1127 4164; x_wconf 89' lang='lat' dir='ltr'><strong>horum</strong></span> <span class='ocrx_word' id='word_1_201' title='bbox 1166 4079 1608 4176; x_wconf 81' lang='lat' dir='ltr'><strong>librorum</strong></span> <span class='ocrx_word' id='word_1_202' title='bbox 1637 4079 1939 4162; x_wconf 92' lang='lat' dir='ltr'><strong>locum</strong></span> <span class='ocrx_word' id='word_1_203' title='bbox 1987 4080 2261 4161; x_wconf 89' lang='lat' dir='ltr'><strong>sciens</strong></span> <span class='ocrx_word' id='word_1_204' title='bbox 2308 4096 2558 4188; x_wconf 74' lang='lat' dir='ltr'><strong>prae-</strong></span> 
     </span>
     <span class='ocr_line' id='line_1_34' title="bbox 466 4187 2563 4312; baseline -0.003 -36"><span class='ocrx_word' id='word_1_205' title='bbox 466 4198 802 4282; x_wconf 85' lang='lat' dir='ltr'><strong>termisi</strong></span> <span class='ocrx_word' id='word_1_206' title='bbox 816 4259 845 4302; x_wconf 93' lang='lat'><strong>,</strong></span> <span class='ocrx_word' id='word_1_207' title='bbox 902 4201 1002 4284; x_wconf 91' lang='lat' dir='ltr'><strong>in</strong></span> <span class='ocrx_word' id='word_1_208' title='bbox 1044 4193 1247 4312; x_wconf 65' lang='lat' dir='ltr'><strong>quos</strong></span> <span class='ocrx_word' id='word_1_209' title='bbox 1268 4215 1767 4286; x_wconf 83' lang='lat' dir='ltr'><strong>memoratu</strong></span> <span class='ocrx_word' id='word_1_210' title='bbox 1808 4196 2121 4310; x_wconf 85' lang='lat' dir='ltr'><strong>dignae</strong></span> <span class='ocrx_word' id='word_1_211' title='bbox 2149 4187 2563 4275; x_wconf 87' lang='lat' dir='ltr'><strong>codicum</strong></span> 
     </span>
    </p>
   </div>
  </div>
 </body>
</html>
